@inproceedings{DBLP:conf/ndss/BalfanzSSW02,
  author    = {Dirk Balfanz and
               Diana K. Smetters and
               Paul Stewart and
               H. Chi Wong},
  title     = {Talking to Strangers: Authentication in Ad-Hoc Wireless Networks},
  booktitle = {Proceedings of the Network and Distributed System Security Symposium,
               {NDSS} 2002, San Diego, California, {USA}},
  publisher = {The Internet Society},
  year      = {2002},
  url       = {https://www.ndss-symposium.org/ndss2002/talking-strangers-authentication-ad-hoc-wireless-networks/},
  timestamp = {Wed, 16 Oct 2019 16:49:09 +0200},
  biburl    = {https://dblp.org/rec/conf/ndss/BalfanzSSW02.bib},
  bibsource = {dblp computer science bibliography, https://dblp.org}
}

@inproceedings{DBLP:conf/mswim/AboudaggaREDQ05,
  author    = {Nidal Aboudagga and
               M. Tamer Refaei and
               Mohamed Eltoweissy and
               Luiz A. DaSilva and
               Jean{-}Jacques Quisquater},
  editor    = {Azzedine Boukerche and
               Regina Borges de Araujo},
  title     = {Authentication protocols for ad hoc networks: taxonomy and research
               issues},
  booktitle = {Q2SWinet'05 - Proceedings of the First {ACM} Workshop on {Q2S} and
               Security for Wireless and Mobile Networks, Montreal, Quebec, Canada,
               October 13, 2005},
  pages     = {96--104},
  publisher = {{ACM}},
  year      = {2005},
  url       = {https://doi.org/10.1145/1089761.1089777},
  doi       = {10.1145/1089761.1089777},
  timestamp = {Tue, 06 Nov 2018 11:07:31 +0100},
  biburl    = {https://dblp.org/rec/conf/mswim/AboudaggaREDQ05.bib},
  bibsource = {dblp computer science bibliography, https://dblp.org}
}